<record><leader>00000cas a22000007a 4500</leader><controlfield tag="001">14925203</controlfield><controlfield tag="008">861204c19849999nvuuu ne      0    0eng d</controlfield><datafield ind1=" " ind2=" " tag="010"><subfield code="a">sn 86076463 </subfield></datafield><datafield ind1=" " ind2=" " tag="040"><subfield code="a">NNX</subfield><subfield code="b">eng</subfield><subfield code="c">NNX</subfield><subfield code="d">OCLCQ</subfield><subfield code="d">OCLCF</subfield><subfield code="d">OCLCO</subfield></datafield><datafield ind1="1" ind2=" " tag="029"><subfield code="a">AU@</subfield><subfield code="b">000020454440</subfield></datafield><datafield ind1=" " ind2=" " tag="042"><subfield code="a">msc</subfield></datafield><datafield ind1=" " ind2=" " tag="043"><subfield code="a">n-us-nv</subfield></datafield><datafield ind1="0" ind2="0" tag="245"><subfield code="a">Montezuma's review.</subfield></datafield><datafield ind1=" " ind2=" " tag="260"><subfield code="a">Silver Peak, NV :</subfield><subfield code="b">K. Polman,</subfield><subfield code="c">1984-</subfield></datafield><datafield ind1=" " ind2=" " tag="300"><subfield code="a">v. :</subfield><subfield code="b">ill.</subfield></datafield><datafield ind1="0" ind2=" " tag="362"><subfield code="a">[No.] 1 (Dec. 3, 1984)-</subfield></datafield><datafield ind1=" " ind2=" " tag="500"><subfield code="a">Mimeograph.</subfield></datafield><datafield ind1=" " ind2="0" tag="651"><subfield code="a">Silver Peak (Nev.)</subfield><subfield code="v">Newspapers.</subfield></datafield><datafield ind1=" " ind2="7" tag="655"><subfield code="a">Newspapers.</subfield><subfield code="2">fast</subfield><subfield code="0">(OCoLC)fst01423814</subfield></datafield><datafield ind1=" " ind2="7" tag="651"><subfield code="a">Nevada</subfield><subfield code="z">Silver Peak.</subfield><subfield code="2">fast</subfield><subfield code="0">(OCoLC)fst01870608</subfield></datafield><datafield ind1=" " ind2=" " tag="752"><subfield code="a">United States</subfield><subfield code="b">Nevada</subfield><subfield code="c">Esmeralda</subfield><subfield code="d">Silver Peak.</subfield></datafield><datafield ind1="0" ind2="0" tag="780"><subfield code="t">Concerned citizen</subfield><subfield code="w">(DLC)sn 86076462</subfield><subfield code="w">(OCoLC)14925163</subfield></datafield></record>